<record><leader>00000cas a2200000 a 4500</leader><controlfield tag="001">8791688</controlfield><controlfield tag="008">820921d18601862dcudn ne      0   a0eng  </controlfield><datafield ind1=" " ind2=" " tag="010"><subfield code="a">sn 82014760 </subfield><subfield code="z">sn 84026781 </subfield></datafield><datafield ind1=" " ind2=" " tag="040"><subfield code="a">DLC</subfield><subfield code="b">eng</subfield><subfield code="c">DLC</subfield><subfield code="d">NPW</subfield><subfield code="d">DLC</subfield><subfield code="d">NPU</subfield><subfield code="d">NPV</subfield><subfield code="d">NPA</subfield><subfield code="d">OCL</subfield><subfield code="d">NPA</subfield><subfield code="d">NPX</subfield><subfield code="d">DLC</subfield><subfield code="d">MFN</subfield><subfield code="d">CNW</subfield><subfield code="d">NVK</subfield><subfield code="d">DLC</subfield><subfield code="d">CVF</subfield><subfield code="d">OCL</subfield><subfield code="d">DLC</subfield><subfield code="d">OCLCQ</subfield><subfield code="d">OCLCF</subfield></datafield><datafield ind1=" " ind2=" " tag="012"><subfield code="l">a</subfield></datafield><datafield ind1=" " ind2=" " tag="019"><subfield code="a">10662626</subfield></datafield><datafield ind1="1" ind2=" " tag="022"><subfield code="a">2158-8899</subfield><subfield code="2">1</subfield></datafield><datafield ind1="1" ind2=" " tag="029"><subfield code="a">AU@</subfield><subfield code="b">000041376699</subfield></datafield><datafield ind1=" " ind2=" " tag="042"><subfield code="a">pcc</subfield><subfield code="a">nsdp</subfield></datafield><datafield ind1=" " ind2=" " tag="043"><subfield code="a">n-us-dc</subfield></datafield><datafield ind1="0" ind2="0" tag="050"><subfield code="a">Newspaper 7376</subfield></datafield><datafield ind1="0" ind2=" " tag="130"><subfield code="a">National Republican (Washington, D.C. : Daily)</subfield></datafield><datafield ind1=" " ind2="4" tag="222"><subfield code="a">The national Republican</subfield><subfield code="b">(Washington, D.C. Daily)</subfield></datafield><datafield ind1="1" ind2="4" tag="245"><subfield code="a">The national Republican.</subfield></datafield><datafield ind1=" " ind2=" " tag="260"><subfield code="a">Washington, D.C. :</subfield><subfield code="b">Lewis Clephane &amp; Co.,</subfield><subfield code="c">1860-1862.</subfield></datafield><datafield ind1=" " ind2=" " tag="300"><subfield code="a">v. :</subfield><subfield code="b">ill. ;</subfield><subfield code="c">57 cm.</subfield></datafield><datafield ind1=" " ind2=" " tag="310"><subfield code="a">Daily (except Sunday)</subfield></datafield><datafield ind1="0" ind2=" " tag="362"><subfield code="a">Vol. 1, no. 1 (Nov. 26, 1860)-v. 2, no. 297 (Nov. 8, 1862).</subfield></datafield><datafield ind1=" " ind2=" " tag="500"><subfield code="a">Publisher varies: W.J. Murtagh &amp; Co., &lt;Jan. 1, 1862&gt;-</subfield></datafield><datafield ind1=" " ind2=" " tag="530"><subfield code="a">Also issued on microfilm from the Library of Congress, Photoduplication Service.</subfield></datafield><datafield ind1=" " ind2=" " tag="530"><subfield code="a">Archived issues are available in digital format as part of the Library of Congress Chronicling America online collection.</subfield></datafield><datafield ind1=" " ind2="0" tag="651"><subfield code="a">Washington (D.C.)</subfield><subfield code="v">Newspapers.</subfield></datafield><datafield ind1=" " ind2="7" tag="655"><subfield code="a">Newspapers.</subfield><subfield code="2">fast</subfield><subfield code="0">(OCoLC)fst01423814</subfield></datafield><datafield ind1=" " ind2="7" tag="651"><subfield code="a">Washington (D.C.)</subfield><subfield code="2">fast</subfield><subfield code="0">(OCoLC)fst01204505</subfield></datafield><datafield ind1=" " ind2=" " tag="752"><subfield code="a">United States</subfield><subfield code="b">District of Columbia</subfield><subfield code="d">Washington.</subfield></datafield><datafield ind1="0" ind2=" " tag="775"><subfield code="t">National Republican (Washington, D.C. : Weekly)</subfield><subfield code="w">(DLC)sn 86053554</subfield><subfield code="w">(OCoLC)13832961</subfield></datafield><datafield ind1="0" ind2="0" tag="785"><subfield code="t">Daily national Republican (Washington, D.C. : 1862)</subfield><subfield code="x">2158-2831</subfield><subfield code="w">(DLC)sn 86053570</subfield><subfield code="w">(OCoLC)13879073</subfield></datafield><datafield ind1="4" ind2="1" tag="856"><subfield code="u">http://www.loc.gov/chroniclingamerica/lccn/sn82014760/issues</subfield></datafield></record>